@inproceedings{referencia1,
  author    = {Saucedo, A. M. and Inchausti, P. E.},
  title     = {Predicción de incendios forestales mediante modelos de Machine Learning},
  booktitle = {Libro de actas del XXVIII Congreso Argentino de Ciencias de la Computación (CACIC)},
  year      = {2022},
  publisher = {Red de Universidades con Carreras en Informática},
  url       = {http://sedici.unlp.edu.ar/handle/10915/149568}
}

@article{referencia2,
  author  = {Zhang, Audrey and Zhang, Albert},
  title   = {Real-time wildfire detection and alerting with a novel machine learning approach},
  journal = {International Journal of Advanced Computer Science and Applications},
  year    = {2022},
  volume  = {13},
  number  = {8},
  doi     = {10.14569/IJACSA.2022.0130801}
}

@book{referencia3,
  organization = {Ministerio de Ambiente y Desarrollo Sostenible},
  title     = {Incendios forestales en Argentina: evaluación y perspectivas},
  year      = {2020},
  publisher = {Ministerio de Ambiente y Desarrollo Sostenible},
  address   = {Buenos Aires},
  isbn      = {978-987-46815-7-7}
}

@online{referencia4,
  organization = {Ministerio de Ambiente y Desarrollo Sostenible},
  title        = {Reportes mensuales de alerta temprana},
  url          = {https://www.argentina.gob.ar/servicio-nacional-de-manejo-del-fuego/reporte-mensual-de-alerta-temprana},
  note         = {Accedido el 2 de septiembre de 2025}
}

@article{fernandez2023,
  author  = {Fernández, A. and Hermida, M. and Caselli, M.},
  title   = {Fire regimes and forest resilience under climate change scenarios},
  journal = {Science of the Total Environment},
  year    = {2023},
  volume  = {857},
  pages   = {161831},
  doi     = {10.1016/j.scitotenv.2023.161831}
}

@mastersthesis{silva2008,
  author      = {Silva, J.},
  title       = {Forest fire risk assessment using remote sensing and GIS techniques},
  school      = {Universidade do Minho},
  year        = {2008},
  type        = {Master’s thesis},
  url         = {http://hdl.handle.net/1822/8039}
}

@article{forkel2019,
  author  = {Forkel, M. and Andela, N. and Harrison, S. and Lasslop, G. and van Marle, M. and Chuvieco, E. and Dorigo, W.},
  title   = {Emergent relationships with respect to burned area in global satellite observations},
  journal = {Journal of Geophysical Research: Atmospheres},
  year    = {2019},
  volume  = {124},
  number  = {1},
  pages   = {317--339},
  doi     = {10.1029/2018JD028754}
}

@article{sun2020,
  author  = {Sun, Y. and Zhang, J. and He, Y. and Wang, X.},
  title   = {Wildfire detection based on an improved convolutional neural network for wireless sensor networks},
  journal = {Symmetry},
  year    = {2020},
  volume  = {12},
  number  = {4},
  pages   = {604},
  doi     = {10.3390/sym12040604}
}

@article{giglio2018,
  author  = {Giglio, L. and Boschetti, L. and Roy, D. P. and Humber, M. L. and Justice, C. O.},
  title   = {The Collection 6 MODIS burned area mapping algorithm and product},
  journal = {Remote Sensing of Environment},
  year    = {2018},
  volume  = {217},
  pages   = {72--85},
  doi     = {10.1016/j.rse.2018.08.005}
}
